<?xml version="1.0" encoding="UTF-8"?><collection xmlns="http://www.loc.gov/MARC21/slim"><record><leader>00476nam--2200181-i-4500</leader><controlfield tag="001">000046852</controlfield><controlfield tag="002">20161230</controlfield><controlfield tag="005">20161230201046</controlfield><controlfield tag="008">060222s1000------------r-----000-0-cze-d</controlfield><datafield ind1=" " ind2=" " tag="040"><subfield code="a">IFIN-HH</subfield></datafield><datafield ind1=" " ind2=" " tag="041"><subfield code="a">cze</subfield></datafield><datafield ind1=" " ind2=" " tag="080"><subfield code="a">539.19:541.1</subfield></datafield><datafield ind1="1" ind2=" " tag="100"><subfield code="a">Volkenstejn,M.V</subfield></datafield><datafield ind1="1" ind2="0" tag="245"><subfield code="a">Strukture a fysikalni vlastnosti molekul</subfield><subfield code="c">M.v. volkenstejn</subfield></datafield><datafield ind1=" " ind2=" " tag="260"><subfield code="a">Praha</subfield><subfield code="b">Ceskoslovenske Akademie Ved</subfield><subfield code="c">1962</subfield></datafield><datafield ind1=" " ind2=" " tag="300"><subfield code="a">721 P</subfield></datafield><datafield ind1=" " ind2=" " tag="852"><subfield code="a">75992</subfield><subfield code="c">539.19</subfield></datafield><datafield ind1=" " ind2=" " tag="CAT"><subfield code="a">Sys</subfield><subfield code="c">20120718</subfield><subfield code="h">101941</subfield></datafield></record></collection>